@inproceedings{newman1974,
	title={Second-order, slowly-varying forces on vessels in irregular waves},
	author={Newman, J. N.},
	booktitle={Proc. Int. Symp. Dynamics of Marine Vehicles and Structures in Waves},
	year={1974},
	address={London, UK},
	organization={Mechanical Engineering Publications Ltd.},
}

@article{rainey1989,
	title={A new equation for calculating wave loads on offshore structures},
	author={Rainey, R.},
	journal={Journal of Fluid Mechanics},
	volume={204},
	pages={295--324},
	year={1989},
}

@phdthesis{Pinkster1980phd,
	title={Low frequency second order wave exciting forces on floating structures},
	author={Pinkster, J. A.},
	school={Delft University of Technology},
	year={1980},
}

@article{OC52017,
	title = "{OC}5 Project Phase {II}: Validation of Global Loads of the {D}eep{C}wind Floating Semisubmersible Wind Turbine",
	journal = "Energy Procedia",
	volume = "137",
	pages = "38 - 57",
	year = "2017",
	note = "14th Deep Sea Offshore Wind R\&D Conference, EERA DeepWind",
	author = "Robertson, A. and Wendt, F. and Jonkman, J. and Popko, W. and Dagher, H. and Gueydon, S. and Qvist, J. and Felipe Vittori and José Azcona and Emre Uzunoglu and Carlos Guedes Soares and Rob Harries and Anders Yde and Christos Galinos and Koen Hermans and Jacobus Bernardus de Vaal and Pauline Bozonnet and Ludovic Bouy and Ilmas Bayati and Roger Bergua and Josean Galvan and Iñigo Mendikoa and Carlos Barrera Sanchez and Hyunkyoung Shin and Sho Oh and Climent Molins and Yannick Debruyne",
}

@article{lopez2015,
	title={Influence of wave induced second-order forces in semisubmersible {FOWT} mooring design},
	author={Lopez-Pavon, C. and Watai, R. A. and Ruggeri, F. and Simos, A. N. and Souto-Iglesias, A.},
	journal={Journal of Offshore Mechanics and Arctic Engineering},
	volume={137},
	number={3},
	year={2015},
}

@inproceedings{coulling2013,
	title={Importance of second-order difference-frequency wave-diffraction forces in the validation of a {FAST} semi-submersible floating wind turbine model},
	author={Coulling, A. and Goupee, A. and Robertson, A. and Jonkman, J.},
	booktitle={32th International Conference on Ocean, Offshore and Arctic Engineering},
	volume={55423},
	pages={V008T09A019},
	year={2013},
	organization={ASME}
}

@inproceedings{gueydon2014,
	title={Comparison of second-order loads on a semisubmersible floating wind turbine},
	author={Gueydon, S. and Duarte, T. and Jonkman, J.},
	booktitle={33th International Conference on Ocean, Offshore and Arctic Engineering},
	volume={45530},
	pages={V09AT09A024},
	year={2014},
	organization={ASME}
}

@article{simos2018slow,
	title={Slow-drift of a floating wind turbine: {A}n assessment of frequency-domain methods based on model tests},
	author={Simos, A. N. and Ruggeri, F. and Watai, R. A. and Souto-Iglesias, A. and Lopez-Pavon, C.},
	journal={Renewable energy},
	volume={116},
	pages={133--154},
	year={2018},
}

@manual{wamitManual,
	title={{WAMIT} {U}ser {M}anual - {V}ersions 6.2, 6.2{PC}, 6.2{S}, 6.1{S}-{PC}},
	author={WAMIT, Inc},
	year={2004},
	address={Chestnut Hill, MA, USA},
}

@inproceedings{babarit2015theoretical,
	title={Theoretical and numerical aspects of the open source {BEM} solver {NEMOH}},
	author={Babarit, Aur{\'e}lien and Delhommeau, G{\'e}rard},
	booktitle={11th European wave and tidal energy conference (EWTEC2015)},
	year={2015}
}

@article{wehausen1971,
	title={The motion of floating bodies},
	author={Wehausen, J.},
	journal={Annual Review of Fluid Mechanics},
	volume={3},
	number={1},
	pages={237--268},
	year={1971},
}

@article{aranha1995second,
	title={On the second-order slow drift force spectrum},
	author={Aranha, J. A. P. and Fernandes, A. C.},
	journal={Applied Ocean Research},
	volume={17},
	number={5},
	pages={311--313},
	year={1995},
}

@inproceedings{Carmo2018_iowtc,
	title={Further discussion on the white-noise approach for predicting slow-drifts in {FAST}},
	author={Carmo, L. and Camargo, E. and Simos, A.},
	booktitle={1st International Offshore Wind Technical Conference},
	volume={51975},
	pages={V001T01A026},
	year={2018},
	organization={ASME},
}

@inproceedings{Simos2018,
	title={On the use of the white-noise approximation for modelling the slow-drifts of a {FOWT}: {A}n example using {FAST}},
	author={Simos, A. and Carmo, L. and Camargo, E.},
	booktitle={37th International Conference on Ocean, Offshore and Arctic Engineering},
	year={2018},
	organization={ASME}
}
@book{faltinsen1993_seaLoads,
	title={Sea loads on ships and offshore structures},
	author={Faltinsen, O. M.},
	year={1993},
	publisher={Cambridge {U}niversity {P}ress},
}

@article{morison1950force,
	title={The force exerted by surface waves on piles},
	author={Morison, J. R. and {O'B}rien, M. P. and Johnson, J. W. and Schaaf, S. A.},
	journal={Journal of Petroleum Technology},
	volume={2},
	number={05},
	pages={149--154},
	year={1950},
}

@article{agarwal2011incorporating,
	title={Incorporating irregular nonlinear waves in coupled simulation and reliability studies of offshore wind turbines},
	author={Agarwal, P. and Manuel, L.},
	journal={Applied Ocean Research},
	volume={33},
	number={3},
	pages={215--227},
	year={2011},
}

@article{lighthill1986,
	title={Fundamentals concerning wave loading on offshore structures},
	author={Lighthill, J.},
	journal={Journal of Fluid Mechanics},
	volume={173},
	pages={667--681},
	year={1986},
}

@article{madsen1986,
	title={Hydrodynamic force on circular cylinders},
	author={Madsen, O.},
	journal={Applied Ocean Research},
	volume={8},
	number={3},
	pages={151--155},
	year={1986},
}

@article{mannersAndRainey1992,
	title={Hydrodynamic forces on fixed submerged cylinders},
	author={Manners, W. and Rainey, R.},
	journal={Proceedings of the Royal Society of London. Series A: Mathematical and Physical Sciences},
	volume={436},
	number={1896},
	pages={13--32},
	year={1992},
}


@article{manners1992,
	title={Hydrodynamic force on a moving circular cylinder submerged in a general fluid flow},
	author={Manners, W.},
	journal={Proceedings of the Royal Society of London. Series A: Mathematical and Physical Sciences},
	volume={438},
	number={1903},
	pages={331--339},
	year={1992},
}

@article{rainey1995,
	title={Slender-body expressions for the wave load on offshore structures},
	author={Rainey, R.},
	journal={Proceedings of the Royal Society of London. Series A: Mathematical and Physical Sciences},
	volume={450},
	pages={391--416},
	year={1995},
}

@inproceedings{eatockTaylor1992,
	title={Non-Linear Hydrodynamic Analysis of {TLP}'s in Extreme Waves: {S}lender Body and Diffraction Theories Compared},
	author={Taylor, R. E. and Rainey, R. C. and Dai, D. N.},
	year={1992},
	booktitle={BOSS 1992 6th International Conference on the Behaviour of Offshore Structures},
	organization={ASME}, 
	address={London, U.K.},
}

@inproceedings{jurado_and_bredmose2020,
	title={Accelerated hydrodynamic analysis for spar buoys with second-order wave excitation},
	author={Jurado, A. and Bredmose, H.},
	booktitle={39th International Conference on Ocean, Offshore and Arctic Engineering},
	year={2020},
	organization={ASME},
	address = {Virtual, Online},
}

@article{ma_and_patel2000,
	title={On the non-linear forces acting on a floating spar platform in ocean waves},
	author={Ma, Q. W. and Patel, M. H.},
	journal={Applied Ocean Research},
	volume={23},
	number={1},
	pages={29--40},
	year={2001},
}

@article{kim1994,
	title={Slender-body approximation for slowly-varying wave loads in multi-directional waves},
	author={Kim, M. H. and Chen, W.},
	journal={Applied Ocean Research},
	volume={16},
	number={3},
	pages={141--163},
	year={1994},
}

@article{molin2002approximations,
	title={Approximations of the low-frequency second-order wave loads: {N}ewman versus {R}ainey},
	author={Molin, B. and Chen, X. B.},
	journal={Proc. 17th IWWWFB, Cambridge (UK)},
	year={2002}
}

@article{kim_and_yue1989,
	title={The complete second-order diffraction solution for an axisymmetric body - {P}art 1. {M}onochromatic incident waves},
	author={Kim, M. H. and Yue, D.},
	journal={Journal of Fluid Mechanics},
	volume={200},
	pages={235--264},
	year={1989},
}

@article{kim_and_yue1990,
	title={The complete second-order diffraction solution for an axisymmetric body - {P}art 2. {B}ichromatic incident waves and body motions},
	author={Kim, M. H. and Yue, D.},
	journal={Journal of Fluid Mechanics},
	volume={211},
	pages={557--593},
	year={1990},
}

@article{kim1992difference,
	title={Difference-frequency wave loads on a large body in multi-directional waves},
	author={Kim, M. H.},
	journal={Applied Ocean Research},
	volume={14},
	number={6},
	pages={353--370},
	year={1992},
}


@article{john1950motion,
	title={On the motion of floating bodies {II}. {S}imple harmonic motions},
	author={John, F.},
	journal={Communications on pure and applied mathematics},
	volume={3},
	number={1},
	pages={45--101},
	year={1950},
	publisher={Wiley Online Library},
}

@techreport{OC4-spec-floater,
  title={Definition of the semisubmersible floating system for phase II of OC4},
  author={Robertson, A. and Jonkman, J. and Masciola, M. and Song, H. and Goupee, A. and Coulling, A. and Luan, C.},
  year={2014},
  institution={National Renewable Energy Lab.(NREL), Golden, CO, USA},
}


@article{pinkster1979,
  title={Mean and low frequency wave drifting forces on floating structures},
  author={Pinkster, J. A.},
  journal={Ocean Engineering},
  volume={6},
  pages={593--615},
  year={1979},
}

@book{newman1977,
  title={Marine Hydrodynamics},
  author={Newman, J. N.},
  year={1977},
  publisher={MIT press},
}

@phdthesis{Carmo2021,
  title={A slender-body approach for computing second-order wave forces in seakeeping simulations of floating offshore wind turbines},
  author={Carmo, L.},
  school={University of S{\~a}o Paulo},
  year={2021},
}

@manual{wamitTheoryManual,
	title={{WAMIT} {T}heory {M}anual},
	author={Lee, CH},
	year={1995},
	address={Cambridge, MA, USA}
}

@book{numericalRecipesInC,
  title={Numerical recipes in {C}},
  author={Press, W. H. and Teukolsky, S. A. and Vetterling, W. T. and Flannery, B. P.},
  number={1},
  year={1992},
  edition={2},
  publisher={Cambridge University Press},
}


@techreport{macamyFuchs1954,
  title={Wave forces on piles: {A} diffraction theory},
  author={MacCamy, R. C. and Fuchs, R. A.},
  year={1954},
  address={Technical Memorandum No. 69, Beach Erosion Board},
}

@mastersthesis{zhu1994irregular,
	title={Irregular frequency removal from the boundary integral equation for the wave-body problem},
	author={Zhu, X.},
	year={1994},
	school={Massachusetts Institute of Technology}
}

@book{sarpkaya2010wave,
	title={Wave forces on offshore structures},
	author={Sarpkaya, T.},
	year={2010},
	publisher={Cambridge university press},
}

@article{Carmo2022,
	title={On the complementarity of the slender-body and {N}ewman’s approximations for difference-frequency second-order wave loads on slender cylinders},
	author={Carmo, L. H. S. and Simos, A. N.},
	journal={Ocean Engineering},
	volume={259},
	pages={111905},
	year={2022},
	publisher={Elsevier}
}

@techreport{jonkman2005fast,
	title={{FAST User's Guide}},
	author={Jonkman, J. and Buhl, M.},
	year={2005},
	institution={National Renewable Energy Laboratory (NREL)},
	address={Golden, CO, USA},
}
